1591 2849
153 294 207 324 10

144 376 196 405 eo
230 358 380 428 magi-s
429 374 490 419 τῳ
526 357 684 406 κύλωνι
741 374 956 407 arcessas,
1013 357 1238 410 Nodenti
1275 375 1414 426 porro
1446 397 1458 419 „2

143 445 335 492 minime
372 445 621 494 Nodentis
644 484 655 503 ,
696 446 818 493 idest
854 447 903 492 in
923 447 1065 495 dandi
1091 483 1102 503 ‚
1143 463 1234 494 non
1256 448 1456 515 gignen-

141 532 190 580 di
229 550 335 581 casu
364 570 374 589 ‚
406 550 502 580 esse
542 532 825 600 legendum,
864 533 969 582 luce
992 533 1248 583 meridiana
1291 534 1462 583 clarius

142 619 324 685 patebit
371 636 427 666 ex
465 618 573 686 biga
609 619 791 686 reliqua
825 619 1235 688 Epigrammatum
1272 635 1467 688 sequen·

137 707 281 754 tium.
339 706 484 755 Nunc
519 709 567 754 in
603 709 729 756 vocis
767 716 1046 773 potestatem
1081 709 1458 776 inquirendum⁷

141 803 186 840 et
223 803 386 843 utrum
425 813 476 842 ea
513 797 728 843 numinis
765 796 963 843 alicuius
1002 797 1054 843 τὲξ
1090 797 1326 868 ἐπικουριε
1358 815 1466 866 pro-

141 884 242 948 pria
283 883 497 930 habenda
538 884 629 940 sit,
671 901 727 930 an
764 883 920 948 potius
957 882 1146 931 aliunde
1183 883 1293 944 illi,
1333 903 1465 933 casu-

138 988 234 1036 que
270 988 399 1017 mere
436 969 694 1017 extrinseco
735 969 917 1016 adsciti.
962 969 1067 1017 Non
1105 973 1231 1019 enim
1268 973 1463 1032 desunt,

139 1057 226 1121 qui
262 1057 444 1104 latitare
480 1057 566 1105 sub
598 1055 677 1104 illa
702 1058 997 1124 suspicantur
1034 1056 1186 1105 Deum
1209 1058 1463 1123 quemdam

139 1142 380 1191 Saxonum
417 1144 736 1210 antiquiorum
771 1145 1031 1211 proprium.

206 1231 420 1282 Nodens
453 1233 595 1299 igitur
615 1270 629 1293 ‚
668 1232 813 1281 latine
835 1231 1100 1282 edentulus
1123 1269 1137 1289 ‚
1178 1231 1373 1281 Graecis
1399 1241 1468 1281 est

138 1318 275 1369 νοδως
304 1359 316 1381 ,
356 1338 445 1369 vox
484 1319 648 1368 coalita
683 1338 740 1368 ex
777 1317 1003 1386 particula
1040 1328 1240 1386 negante
1277 1317 1329 1373 νὴ
1365 1356 1377 1377 ,
1419 1327 1466 1367 et

142 1405 231 1455 ἀπο
269 1410 324 1455 τὲ
361 1406 569 1465 ὁδοντος,
600 1408 779 1457 dentis.
821 1406 956 1465 Quae
995 1421 1104 1452 cum
1142 1406 1209 1452 ita
1245 1406 1355 1466 sint,
1377 1423 1459 1455 ve-

138 1496 177 1543 ri
214 1493 414 1545 similius
451 1494 644 1544 videtur
671 1532 686 1554 ‚
739 1493 840 1541 Deo
876 1492 1109 1541 adscitum
1170 1492 1465 1542 extrinsecus

142 1581 358 1631 alicunde
397 1580 448 1629 id
487 1582 691 1629 nominis
721 1619 734 1640 ‚
799 1599 942 1646 quam
977 1581 1226 1647 proprium
1251 1619 1264 1640 ‚
1303 1580 1464 1645 primi·

140 1672 432 1738 geniumque
483 1679 662 1736 putare.
703 1668 876 1733 Ecquis
937 1669 1061 1715 enim
1114 1669 1254 1716 Deus
1289 1666 1461 1716 Eden-

138 1760 323 1808 mlus?
378 1758 482 1805 Diis
520 1758 699 1824 quippe
756 1757 815 1804 ab
851 1765 996 1804 aetate
1034 1755 1156 1802 nihil
1193 1756 1468 1820 contingere

138 1844 408 1894 detrimenti
448 1855 600 1911 potest
624 1884 634 1900 ,
673 1844 846 1910 quibus
875 1844 1016 1890 etiam
1040 1852 1245 1891 senecta
1273 1841 1459 1902 cruda,

140 1933 433 1999 ¹vim‘ah'sque,
492 1942 544 1980 ut
583 1933 718 1980 Musa
756 1931 878 1979 canit
927 1929 1093 1976 Poetae
1119 1965 1133 1988 ,
1188 1928 1461 1994 gentilitatis

140 2018 370 2086 Theologi
395 2057 407 2078 ‚
446 2020 774 2084 pontificisque
811 2017 1022 2066 Maximi.
1066 2015 1241 2064 Tutius
1277 2016 1457 2064 idcirco

139 2108 228 2156 erit
253 2146 266 2168 ‚
306 2108 466 2153 dicere
490 2146 503 2167 ‚
545 2107 702 2153 Deum
738 2105 862 2152 hunc
886 2143 899 2165 ,
960 2106 1231 2170 quicunque
1266 2103 1456 2149 demum

140 2195 215 2242 ille
252 2195 311 2242 sit
334 2232 346 2252 ,
387 2196 448 2241 ita
486 2202 808 2259 nuncupatum
844 2211 869 2239 a
906 2191 1137 2240 Nodente
1186 2189 1406 2254 quopiam
1438 2226 1454 2248 ,

137 2281 217 2346 qui
267 2279 524 2340 eumdem,
582 2279 760 2345 templo
820 2287 1032 2325 extructo
1061 2315 1072 2335 ‚
1126 2275 1306 2324 colebat
1344 2292 1454 2340 prae

138 2367 346 2415 caeteris.
393 2366 492 2414 Nec
533 2368 661 2413 enim
698 2384 875 2415 novum
900 2403 913 2424 ‚
953 2363 1298 2427 doctorumque
1338 2360 1457 2408 auri·

137 2455 228 2501 bus
265 2453 529 2501 inauditum
561 2490 572 2510 ,
612 2452 714 2498 Diis
741 2491 753 2512 ,
781 2451 1029 2499 Dealmsve
1055 2467 1077 2495 a
1105 2448 1363 2495 cultoribus
1381 2447 1452 2490 in-

137 2541 323 2588 terdum
384 2541 479 2589 suis
516 2547 823 2605 cognomenta
860 2536 1159 2591 adhaesisse3
1222 2535 1267 2581 in
1308 2547 1452 2596 quam

136 2644 231 2676 rem
257 2663 271 2690 ,
322 2635 374 2676 ut
411 2634 525 2692 puta
564 2626 855 2674 notissimam
883 2660 898 2685 ,
956 2619 1171 2686 exempla
1208 2633 1457 2686 congerere
