1591 2849
1355 323 1372 350 1

100 386 321 453 appellari
350 384 493 450 vulgo
513 381 737 448 placitum
761 380 943 430 Aedem
963 383 1238 451 quampiam
1274 320 1418 435 Pom?

88 477 327 541 poianam,
366 472 411 518 in
446 466 546 535 ‘qua
583 478 628 521 et
663 470 816 519 larvae
867 470 1161 520 Histrionum
1197 471 1219 538 (
1250 471 1409 519 Latini

87 576 332 627 personas
357 594 373 616 ‚
436 555 542 605 Itali
591 554 852 605 masc-here
906 556 1074 604 dicunt
1100 557 1118 621 )
1153 595 1168 617 ,
1220 567 1265 604 et
1322 557 1412 606 alia

86 658 318 714 practerea
353 643 612 709 compluria
631 643 691 689 ad
724 658 824 689 rem
849 640 1126 689 theatralem
1167 646 1406 708 pertinen-

87 734 148 779 tia
183 731 364 796 depicta
401 731 632 779 visuntur.
674 728 814 776 Adde
837 764 850 786 ‚
890 727 1019 793 quod
1048 738 1094 776 et
1130 729 1282 778 Aedes
1310 732 1407 796 ipsa

84 834 109 863 a
144 814 427 881 Pompeiano
465 816 668 861 Theatro
706 815 896 863 modico
952 815 1198 863 intervallo
1252 816 1398 866 abest.

87 902 401 965 Quamobrem
428 910 473 947 ct
501 901 561 947 de
580 904 878 966 apparatione
905 900 1256 952 'rimati-alitent
1281 921 1400 961 esse,

86 992 181 1036 sine
234 989 523 1036 cunctatione
577 987 831 1035 credideris
859 1004 871 1043 ;
910 996 956 1034 et
1010 988 1193 1037 Aedem
1249 991 1401 1055 ipsam

81 1077 135 1124 τὲ
170 1075 570 1141 πρόγυμναςματος
594 1075 692 1122 vice
727 1074 936 1132 stetisse,
974 1072 1109 1122 facile
1157 1077 1399 1142 coniicias,

79 1180 172 1231 quo
226 1180 394 1227 nempe
446 1162 550 1209 loco
603 1160 793 1206 Fabulis
845 1158 1192 1229 proludebatui·
1217 1200 1231 1224 ‚
1272 1182 1392 1230 quae

79 1248 254 1298 deinde
302 1249 454 1317 palam
504 1249 551 1293 in
590 1247 770 1294 theatro
806 1246 958 1295 forent
1010 1248 1236 1317 agendae.
1282 1251 1390 1300 Itali

82 1338 328 1385 Cone-erto
346 1334 665 1400 propriissime
702 1335 998 1381 nominitant.
1038 1335 1230 1397 Quibus
1264 1353 1395 1402 prae·

77 1425 243 1471 notatis
273 1459 285 1479 ‚
324 1423 469 1487 prima
507 1422 716 1468 animum
752 1422 937 1469 incessit
971 1424 1173 1488 suspicio
1202 1460 1214 1480 ,
1255 1425 1397 1472 titulo

77 1517 234 1556 nostro
261 1510 488 1556 contineri
525 1509 727 1573 potuisse
752 1509 1177 1560 denuntiationem
1202 1547 1218 1571 ‚
1246 1530 1396 1578 quam

79 1612 160 1642 nos
184 1595 327 1661 vulgo
366 1593 561 1662 Assisso
584 1632 596 1654 ‚
624 1612 706 1641 seu
731 1593 894 1644 Invito
922 1596 1122 1644 dicimus
1147 1634 1160 1657 ,
1192 1594 1401 1650 Fabulae
1440 1654 1442 1656 v

78 1698 206 1729 oseae
258 1681 469 1746 proxime
516 1681 723 1749 agendae
746 1719 758 1741 ‚
799 1684 931 1729 cuius
973 1692 1129 1731 auctor
1192 1686 1398 1734 extiterit

78 1768 234 1826 Poeta,
255 1769 437 1827 Μαηὶἱ,
457 1777 537 1815 aut
554 1769 797 1826 Numerii‚
815 1769 1040 1817 veletiam
1055 1769 1397 1822 ZVaevit‘nomi·

81 1871 136 1901 ne
152 1853 363 1922 insignis.
383 1854 655 1903 Posterioris
677 1857 811 1903 huius
830 1856 1002 1904 Poetae
1015 1855 1241 1923 Campani
1263 1859 1396 1907 nobi-

86 1940 251 1987 lissimi
273 1950 376 1987 nota
394 1942 674 2008 arrogantia.
693 1941 754 1989 Et
769 1941 972 1989 fortassis
993 1943 1392 1993 NV.P.CIIPIIS

82 2026 216 2074 reddi
255 2029 426 2093 poterit
449 2029 496 2075 in
523 2029 639 2076 hanc
664 2030 970 2078 sententiam:
999 2029 1181 2082 Naevii
1205 2033 1393 2084 Poetae

83 2116 323 2179 Captivzcs
345 2151 359 2174 ,
385 2115 469 2180 qui
507 2124 605 2163 erat
625 2114 830 2162 Fabulae
867 2115 1047 2165 titulus.
1064 2107 1177 2166 vNec
1202 2119 1392 2168 turbare

78 2200 164 2248 hoc
187 2202 232 2247 in
247 2218 354 2249 casu
371 2200 562 2250 deberet
586 2201 639 2249 τὸ
666 2203 761 2251 NV
789 2219 872 2268 pro
892 2202 1030 2252 NEV
1055 2241 1068 2264 ‚
1092 2213 1171 2252 aut
1192 2203 1389 2252 NAEV.

86 2287 210 2335 Nam
234 2306 320 2336 nec
338 2289 608 2357 infrequens
632 2291 760 2357 apud
777 2289 968 2338 Latinos
985 2306 1086 2339 mos
1112 2291 1393 2341 docui-tandi

83 2390 217 2422 voces
251 2392 335 2440 per
385 2375 671 2442 syllabarum
723 2377 964 2436 initiales;
1004 2386 1051 2425 et
1095 2388 1392 2445 compertum

84 2456 271 2508 aliunde
293 2471 361 2510 est
385 2500 399 2521 ‚
428 2480 655 2512 consonae
694 2461 739 2512 N
767 2500 781 2523 ,
804 2462 1121 2512 Orientalium
1146 2465 1389 2531 exemplo,

82 2557 196 2607 quos
232 2546 464 2596 adfectant
497 2549 547 2597 hi
582 2551 712 2599 tituli
750 2553 896 2599 nostri
913 2566 1075 2599 omnes
1094 2551 1204 2600 Osci
1232 2589 1246 2611 ‚
1282 2551 1394 2600 sub-

83 2629 284 2699 intelligi
301 2637 523 2697 potuisse,
564 2639 658 2687 sive
696 2639 907 2686 vocalem
931 2638 991 2697 E,
1009 2638 1107 2685 sive
1125 2636 1398 2704 dyphthon-

1233 2731 1256 2752 ῃ
