1591 2849
185 272 216 318 6

185 351 469 412 adhaesisse,
497 347 807 399 meminimus
830 388 842 410 ,
873 346 954 397 sed
976 346 1151 414 potiori
1190 345 1279 394 hac
1305 346 1403 395 sine
1430 342 1518 394 du*

180 437 413 504 bio‚quod
438 437 626 503 longius
654 436 804 482 multo
843 436 921 482 ille
949 435 1075 482 abest
1114 452 1136 479 a
1161 434 1330 481 Flavii
1355 438 1513 481 nomi-

179 542 262 584 ne,
278 532 330 570 ut
366 525 706 587 praenominis
743 522 844 570 vice
871 520 1070 590 defungi
1097 520 1306 585 potuerit
1328 557 1341 579 ,
1383 516 1514 584 quod

185 627 241 657 ex
269 609 481 674 apposito
502 608 737 654 schemate
775 605 933 671 palam
971 605 1287 653 consideranti
1313 613 1395 653 est.
1438 604 1515 651 Ad

177 704 338 743 notam
376 696 521 759 magis
560 692 807 740 formulam
846 691 1167 757 sepulcralem
1227 692 1288 738 D.
1331 691 1400 737 M.
1442 708 1516 737 re-

180 784 356 846 spicere
393 779 566 826 dixeris
592 817 604 838 ,
659 780 792 826 cuius
829 778 967 825 litera
1021 777 1106 825 alia
1145 778 1196 824 M
1222 816 1234 837 ,
1284 786 1365 824 aut
1401 792 1512 823 con-

175 869 306 915 tinuo
342 867 551 914 subiecta
590 883 649 925 τῳ
690 865 731 910 D
757 901 767 921 ‚
823 874 900 911 aut
941 863 1002 909 ad
1042 874 1219 930 partem
1257 864 1511 911 Marmoris

175 953 490 1001 dexteriorem
527 954 576 997 in
614 952 707 997 fine
743 968 906 999 versus
946 951 1180 1017 insculpta
1212 988 1224 1010 ,
1260 949 1392 1015 quod
1415 967 1508 997 non

176 1056 283 1087 raro
321 1041 369 1086 in
406 1038 555 1086 titulis
593 1037 826 1085 eiusmodi
862 1037 1124 1084 factitatum
1153 1075 1166 1097 ,
1205 1045 1379 1084 norunt
1414 1054 1503 1101 op-

175 1126 290 1173 time
326 1126 501 1172 eruditi
564 1124 671 1171 viri.
711 1122 872 1189 Spatio
897 1132 1068 1184 ,autem
1105 1123 1260 1171 hiante
1293 1161 1307 1184 ,
1367 1124 1500 1189 quod

176 1230 357 1262 nomen
409 1211 529 1259 inter
564 1210 757 1271 Flavii,
809 1208 1096 1278 Senilisque
1135 1221 1503 1278 cognomentum

172 1299 421 1348 intercedit
441 1337 455 1359 ‚
493 1298 631 1347 facile
656 1298 990 1365 comprehensa
1030 1297 1142 1345 olim
1171 1298 1364 1357 dixeris,
1394 1308 1506 1346 tum

168 1396 440 1453 paternum
493 1385 644 1437 Flavii
696 1392 1006 1452 praenomen
1030 1423 1042 1442 ‚
1102 1396 1205 1434 tum
1261 1387 1505 1454 utriusque

173 1470 354 1522 Tribus
375 1511 390 1534 ‚
429 1474 503 1522 cui
539 1483 670 1521 erant
706 1473 943 1537 adscripti.
988 1472 1315 1521 Chai-acterem
1351 1475 1503 1540 septi-

171 1575 306 1607 mum
345 1560 641 1625 superstitem
679 1559 831 1607 lineae
868 1559 1191 1624 insequentis,
1229 1575 1399 1626 nempe
1433 1572 1500 1626 ἱ),

170 1663 258 1712 pro
294 1648 478 1713 integro
516 1647 559 1692 Ο
584 1685 596 1706 ‚
650 1646 767 1694 nihil
804 1656 872 1693 est
899 1683 911 1706 ,
964 1655 1017 1694 ut
1053 1665 1304 1713 agnoscere
1341 1648 1503 1697 detre-

171 1743 284 1780 ctes.
324 1733 386 1780 Et
424 1733 628 1781 fortassis
665 1751 720 1781 eo
758 1733 1080 1798 complebatur
1113 1728 1166 1781 τό
1192 1736 1384 1794 Flavio,
1416 1734 1502 1785 cui

181 1818 436 1868 Victorini
459 1838 716 1888 cognomen
738 1830 834 1868 erat
851 1860 861 1878 ,
892 1822 1060 1886 cuique
1087 1820 1306 1869 defuncto
1331 1840 1356 1870 a
1381 1824 1505 1872 Fla-

182 1910 258 1955 vio
295 1905 465 1955 Senile
501 1908 669 1955 titulus
698 1947 711 1967 ‚
753 1907 813 1955 de
851 1925 974 1954 more
997 1946 1009 1967 ‚
1050 1909 1244 1972 positus.

251 1992 394 2052 Quod
433 1996 645 2059 sequitur
698 1994 872 2042 deinde
909 1994 1127 2043 ANTE..
1192 2006 1296 2061 post
1333 2014 1499 2046 vocem

177 2082 408 2146 integram
443 2082 536 2129 fere
574 2081 935 2129 VICTORINO
960 2111 980 2142 ς
1019 2085 1318 2130 monumenti
1371 2084 1504 2132 vide-

170 2173 251 2213 tur
288 2164 603 2216 dimensiones
636 2170 908 2229 attinuisse,
936 2170 1356 2236 supplendumque
1384 2170 1499 2218 AN·-

170 2251 486 2313 TER10R1‚
537 2273 705 2322 nempe
751 2267 899 2322 parte
925 2278 988 2299 :.:-:
1012 2277 1057 2322 p.
1100 2275 1145 2303 x.
1187 2256 1277 2303 Vel
1314 2258 1496 2321 potius,

168 2339 304 2403 quod
340 2343 384 2388 in
426 2342 553 2388 idem
592 2343 757 2400 redit,
809 2344 1174 2406 ante-frontem
1209 2344 1308 2411 (1).
1350 2343 1496 2402 Quod

169 2428 525 2477 dimensionum
562 2447 706 2496 genus
727 2432 772 2477 iu
796 2446 844 2475 re
869 2431 1056 2478 funebri
1085 2432 1256 2495 passim
1279 2447 1365 2498 per
1402 2431 1496 2478 ξομ

725 2574 841 2583 ...π-..ι

281 2627 340 2682 (1)
372 2627 473 2667 Vid.
508 2628 692 2667 Fabzett.
727 2644 768 2680 p.
810 2630 895 2683 13¹6.
930 2645 970 2670 n,
1005 2629 1103 2669 306.
1138 2633 1177 2669 in
1214 2640 1298 2670 not.
