1591 2849
138 284 207 332 26

132 372 222 420 tim
260 373 564 440 supinantur,
594 381 901 439 suspectaque
927 375 1078 423 omnia
1118 374 1306 422 habent.
1339 375 1453 423 Cae»

135 466 289 505 terum
327 467 379 505 ut
416 468 462 506 et
481 459 570 523 ipsi
595 460 803 524 ingenue
836 461 1068 509 fateamur
1092 499 1105 521 ,
1135 464 1263 527 genti
1306 479 1455 509 novae

130 543 372 613 Naquiae
409 543 539 592 haud
576 546 639 592 ita
676 545 810 594 facile
846 549 1102 613 acquiescit
1152 547 1354 596 animus.
1394 531 1470 594 Et'

130 633 302 680 rectius
338 632 531 680 fortasse
566 650 731 683 vocem
765 632 943 702 Naqui
980 637 1028 683 in
1066 634 1162 685 duo
1185 635 1413 702 dispescas
1439 674 1452 695 ,

130 730 184 770 ut
220 721 282 769 sit
314 721 384 770 N.
423 721 592 791 Aqui,
619 721 711 770 hoc
747 730 816 770 est
839 721 1079 773 Numerio
1116 723 1298 792 Aquio.
1324 724 1450 772 Nam

129 810 192 857 de
243 807 469 874 Aquila,
527 818 606 857 aut
657 807 861 874 Aquilio
916 810 1121 876 cogitare
1149 849 1161 870 ,
1200 828 1347 861 ¹vanus
1385 820 1454 858 est

115 895 294 961 *labor3
335 912 453 961 quos
504 895 541 941 si
588 896 787 943 innuere
817 933 831 956 ,
868 914 1001 946 mens
1050 897 1214 945 suisset
1244 933 1260 957 ‚
1313 897 1456 945 scribi

127 991 429 1049 oportuerat:
466 982 702 1043 AKVIL,
741 1000 835 1030 non
884 982 1061 1030 AKVI.
1102 983 1269 1050 Neque
1305 1000 1453 1051 porro

126 1067 399 1117 mirandum
425 1108 439 1130 ‚
477 1070 666 1118 nullum
704 1069 802 1120 sive
839 1069 1182 1136 spatium,sive
1219 1079 1450 1136 punctum

128 1155 418 1204 intercedere
459 1175 638 1206 nomen
673 1157 831 1218 inter,
873 1165 919 1204 et
954 1175 1277 1224 praenomen.
1303 1159 1367 1206 Et
1403 1161 1453 1207 in

131 1242 283 1291 titulis
321 1260 514 1309 quoque
550 1244 891 1310 Pompeiorum
926 1243 1083 1291 latinis
1116 1282 1130 1304 ‚
1168 1246 1253 1310 qui
1288 1247 1337 1292 in
1373 1263 1457 1313 ge-

129 1347 240 1378 nere
274 1329 360 1377 hoc
395 1342 642 1380 versantur
669 1369 684 1392 ‚
723 1330 952 1378 minutiae
989 1330 1077 1379 hae
1113 1330 1449 1398 negliguntur.

128 1414 196 1463 Ita
232 1433 318 1483 pro
353 1416 411 1463 A.
453 1417 756 1466 VETTIVM
791 1416 1052 1466 FIRMVM
1087 1418 1245 1484 legere
1280 1421 1331 1466 in
1366 1437 1448 1484 pa-

126 1503 241 1551 riete
275 1512 342 1551 est
365 1520 378 1551 z
400 1504 669 1556 Avettiam.
709 1504 911 1571 Reliqua
931 1522 1057 1553 nunc
1094 1522 1447 1570 percurramus.

195 1588 404 1638 IUSAIS
430 1628 444 1651 ,
503 1600 585 1639 aut
620 1591 658 1638 I.
707 1591 842 1641 SAIS
875 1629 889 1653 ‚
927 1610 1012 1641 nec
1063 1592 1194 1640 enim
1230 1592 1292 1640 de
1341 1608 1450 1656 vera

126 1677 330 1728 lectione
367 1687 490 1726 certo
507 1679 641 1727 nobis
660 1688 858 1727 constat.
895 1678 947 1728 Si
968 1679 1176 1746 priorem
1198 1678 1450 1727 lectionem

124 1773 288 1831 optes,
328 1765 480 1831 primo
527 1770 681 1816 ivsczis
718 1767 911 1815 recudes
950 1767 996 1814 in
1032 1766 1225 1816 ibsais:
1267 1765 1450 1814 deinde

125 1853 188 1900 ob
222 1860 381 1900 notam
416 1853 694 1901 affinitatem
730 1853 974 1901 literarum
1010 1852 1072 1914 b,
1100 1860 1146 1901 et
1168 1871 1204 1920 p
1238 1890 1250 1911 ‚
1272 1853 1443 1902 reddes

124 1941 281 2004 ipsuis
310 1975 325 1999 ‚
362 1940 492 2006 quod
539 1941 798 2007 ipsissimus
848 1941 1133 1990 Latinorum
1175 1945 1284 2006 ipse
1308 1978 1322 2000 ‚
1360 1950 1445 1989 aut

123 2026 266 2089 ipsus
301 2025 489 2075 videtur
520 2065 534 2088 ,
573 2027 708 2096 quasi
744 2032 998 2094 is-per·se.
1040 2027 1110 2075 Ita
1148 2029 1271 2078 Osci
1311 2028 1400 2093 ipsi
1431 2066 1443 2085 ,

122 2119 230 2159 ante
267 2112 413 2178 Opici
441 2153 455 2175 ‚
494 2114 669 2163 deinde
706 2125 751 2163 et
790 2115 974 2176 Obsci,
1016 2124 1064 2162 et
1106 2116 1280 2180 Opscz'.
1322 2114 1455 2164 Atsi

122 2197 371 2247 lectionem
406 2202 710 2267 posteriorem
749 2201 974 2266 praeferas
1001 2241 1014 2261 ‚
1056 2202 1249 2250 habebis
1276 2206 1402 2251 esais
1424 2239 1437 2260 ,

121 2285 249 2335 unde
286 2287 416 2335 nullo
453 2291 639 2355 negotio
675 2289 856 2340 Isaeus
893 2290 985 2338 ἀπο
1022 2293 1075 2340 τῦ
1115 2292 1217 2339 ι’σου
1237 2290 1313 2337 cui
1338 2306 1449 2354 coge

120 2375 322 2423 :nominis
359 2384 511 2441 partes
548 2375 775 2424 videntur
811 2376 1144 2444 adsignandae.
1186 2377 1282 2426 Sed
1319 2375 1448 2422 mul-

122 2470 172 2509 to
204 2463 300 2513 veri
337 2461 537 2511 similius
561 2502 573 2523 ,
615 2474 670 2511 ut
706 2466 939 2533 Hypsaei
973 2473 1341 2531 cognomentum
1401 2464 1450 2508 in

121 2565 234 2599 voce
269 2549 445 2608 latitet3
487 2550 614 2617 quod
651 2552 690 2597 si
716 2552 1047 2612 constet,vocis
1085 2551 1444 2617 originationem

124 2637 211 2682 ἀπο
249 2639 306 2684 τῦ
340 2635 475 2695 ὐψεος
519 2636 732 2687 arcessas.
757 2638 1036 2706 Cognomini
1063 2637 1173 2687 huic
1202 2637 1348 2685 fidem
1376 2636 1443 2683 fa-
