1591 2849
1404 289 1433 330 9

129 357 322 406 auctoris
358 353 561 402 inscitiae
596 350 772 399 tribuas
803 387 818 409 ‚
882 351 958 399 cui
996 347 1120 396 tituli
1163 356 1314 414 partes
1351 351 1437 398 im-

129 446 335 511 positae:
374 440 450 500 vel
484 440 638 505 potius
676 446 857 503 partem
896 437 939 496 Q
968 435 1283 483 dexteriorem
1320 442 1437 482 tem-

128 531 251 596 poris
277 526 440 574 iniuria
477 525 694 572 detritam
732 524 976 572 arbitrator
1002 561 1012 580 ‚
1057 523 1304 587 superstite
1339 531 1441 568 tan-

129 624 262 673 tum,
300 612 429 677 quod
466 620 561 658 erat
595 611 735 675 partis
772 610 962 669 laevae,
1001 608 1056 655 C.
1081 609 1221 656 Nunc
1257 626 1339 657 sua
1366 610 1436 655 in-

126 699 362 764 scriptioni
396 698 535 745 facies
558 696 785 744 reddatur
806 732 818 754 ,
841 696 1040 761 impletis
1064 694 1238 742 lacunis
1254 733 1264 753 ,
1294 705 1440 744 caete-

126 786 278 852 risque
314 783 374 833 ad
411 783 713 832 communem
738 782 972 831 scribendi
991 800 1171 832 morem
1195 776 1458 834 revocatis.=

729 872 838 920 Deo

489 957 728 1009 Nodenti.
769 957 827 1005 S.
871 958 1101 1019 Calamus

534 1044 756 1093 Anulum
791 1045 1024 1110 perdidit.

455 1132 731 1179 Dimidiam
761 1143 952 1196 partem
989 1131 1126 1196 pretii

338 1219 556 1266 Donavit
590 1215 816 1265 Nodentc'
845 1254 858 1276 ,
896 1216 989 1263 fur.
1032 1215 1200 1263 detecti

500 1303 644 1351 Inter
681 1304 855 1369 quibas
892 1322 1069 1353 nomen

551 1391 813 1439 Seniciam'
853 1393 1013 1440 nolles

538 1478 805 1528 Permittas
839 1484 1007 1527 sanita

466 1576 559 1614 tem
588 1602 602 1626 ‚
641 1567 801 1616 donec·
837 1568 1096 1633 perferam

490 1653 656 1722 Usque
695 1655 949 1721 Templum
984 1653 1068 1702 No

704 1742 868 1790 dentis

192 1829 359 1880 Versus
395 1828 589 1878 secundi
649 1847 784 1878 voces
820 1845 929 1875 cum
964 1829 1306 1879 characteribus
1370 1831 1433 1877 ita

122 1916 432 1983 segregandae
460 1954 474 1976 ,
514 1917 926 1984 disponendaeque
981 1918 1106 1965 inter
1156 1936 1203 1965 se
1241 1918 1432 1965 omnino

123 2012 232 2050 sunt
254 2042 267 2064 ,
305 2014 356 2051 ut
392 2022 474 2069 per
510 2022 594 2052 nos
631 2005 802 2052 factum
841 2002 975 2052 vides
998 2039 1012 2062 ,
1051 2003 1269 2070 equibus
1296 2005 1429 2053 nullo

123 2090 279 2138 labore
313 2091 457 2138 habes
487 2111 497 2140 :
536 2093 644 2140 Deo
669 2091 893 2140 Nodenti
918 2092 1164 2149 Sacrum,
1216 2110 1337 2159 quae
1363 2110 1434 2140 sa-

124 2195 310 2226 crorum
330 2176 529 2225 formula
556 2179 809 2226 notissima.
840 2178 965 2226 Nam
990 2181 1024 2226 si
1050 2179 1358 2226 characterem
1399 2178 1431 2226 S

127 2263 187 2311 ad
222 2283 386 2314 vocem
426 2266 750 2330 insequentem
796 2267 1025 2316 Calanas
1049 2306 1059 2325 ,
1102 2286 1180 2316 seu
1205 2270 1436 2334 Cylarms

123 2350 313 2398 traxeris
335 2389 348 2410 ,
387 2340 596 2417 prodibit
631 2351 743 2400 inde
787 2353 1048 2402 Seulanas
1072 2394 1084 2415 ,
1130 2364 1210 2401 ant
1245 2355 1434 2420 Scyla-

127 2453 238 2494 ηας,
263 2455 356 2485 vox
391 2439 616 2486 nimirum
637 2439 962 2507 originationis
978 2458 1144 2507 parum
1167 2442 1395 2508 ingenuae
1415 2460 1428 2498 ·‚

127 2537 233 2569 cum
253 2524 461 2587 Cilanus,
476 2526 548 2577 vel
569 2527 777 2593 Cylanus
796 2528 984 2595 originis
1000 2527 1281 2575 honestatem
1311 2528 1430 2574 tueri

126 2609 255 2655 facile
292 2622 427 2677 queat
449 2652 463 2674 ‚
505 2616 542 2662 si
578 2634 602 2663 a
624 2617 798 2670 Cilone
817 2617 1090 2664 Latinorum
1114 2653 1127 2676 ‚
1157 2623 1235 2664 aut
1257 2634 1281 2663 a
1301 2632 1432 2681 grae-
