1591 2849
1332 294 1398 354 43.

83 387 205 453 quis.
245 379 439 429 Utinam
474 395 569 428 non
605 375 830 437 indocta,
871 378 1164 442 reponimus.
1206 373 1404 424 Utinam

82 486 168 516 non
206 475 251 513 et
285 465 593 512 deliramenta
628 462 784 511 mera!

663 636 709 699 ς.
751 635 817 683 v,

74 810 410 860 Aeclanensis
435 810 608 859 titulus
630 827 808 859 reeens
822 808 1051 877 effossus
1069 827 1181 857 cum
1205 810 1405 858 literato

233 896 400 961 sigillo
429 934 445 958 .,
481 908 532 946 et
561 895 928 945 additamentis
963 895 1238 944 nonnullis.

74 1068 179 1118 Nec
208 1068 444 1119 dictorum
465 1070 690 1118 hactenus
714 1068 929 1137 poenitet
957 1073 1171 1118 omnino.
1200 1068 1404 1117 Tantum

72 1160 320 1226 suppudet
356 1162 604 1226 tantisper,
641 1175 729 1206 nec
763 1158 890 1206 enim
928 1153 1227 1204 dissimulare
1278 1154 1402 1204 ultra

73 1243 164 1293 fert
209 1246 393 1294 animus
418 1283 435 1308 ‚
470 1245 690 1294 lectorem
739 1253 953 1293 nostrum
978 1280 994 1304 ‚
1031 1244 1151 1298 iusto
1201 1241 1401 1290 fortasse

78 1332 261 1385 diutius
288 1371 303 1394 ‚
338 1332 605 1382 distentum
640 1348 724 1399 per
746 1347 829 1379 nos
849 1369 866 1392 .‚
891 1332 1164 1398 incertoque
1197 1328 1282 1378 filo
1318 1329 1406 1378 du-

73 1427 206 1469 ctum
228 1437 312 1487 per
333 1419 556 1487 ambages
591 1419 752 1470 varias,
779 1418 1009 1467 Oscarum
1043 1420 1296 1485 praecipue
1333 1419 1404 1467 in·

71 1507 436 1572 inscriptionum
457 1543 473 1568 ,
510 1505 686 1573 quibus
710 1507 754 1553 in
779 1505 1020 1573 legendiS,
1059 1504 1403 1571 intelligendis·

71 1609 165 1657 que
204 1590 375 1640 laboris
436 1591 738 1659 impendium
796 1593 1108 1641 certissimum
1169 1609 1355 1659 semper
1380 1632 1397 1655 ‚
1444 1607 1455 1614 *

70 1678 248 1726 fructus
281 1679 456 1727 incerta
493 1695 597 1746 spes
617 1717 631 1740 ‚
660 1691 706 1727 et
743 1680 783 1727 si
817 1680 865 1726 in
902 1679 1075 1746 quibus
1111 1688 1233 1726 certa
1255 1716 1268 1736 ‚
1299 1681 1400 1728 exi-

71 1766 152 1832 gui
179 1802 197 1826 ‚
222 1764 297 1814 val
321 1764 496 1815 nullius
514 1766 610 1815 fere
626 1766 781 1833 pretii.
816 1766 985 1814 Visum
1010 1775 1261 1833 propterea
1289 1776 1360 1814 est
1380 1802 1396 1829 ,

69 1868 131 1898 ne
166 1851 267 1900 sine
314 1854 460 1920 gratia
507 1854 825 1920 qualicunque
875 1853 1169 1903 dimittamus
1201 1893 1214 1915 ,
1265 1854 1399 1922 quod

69 1935 208 2001 plane
232 1937 518 1988 inurbanum
548 1941 666 1989 foret
688 1979 702 2001 ,
731 1937 788 1988 τά
813 1939 1022 1997 κείμηλια
1040 1941 1276 2008 quaedam
1301 1960 1398 1992 non

69 2025 264 2071 omnino
286 2026 547 2092 spernenda
575 2065 590 2088 ‚
616 2028 810 2076 auctarii
847 2027 948 2076 loco
967 2067 980 2089 ,
1008 2029 1220 2077 eiusdem
1247 2029 1396 2078 oculis

70 2109 340 2172 subiicere,
391 2130 514 2178 quae
561 2112 701 2161 tellus
750 2113 1030 2162 aeclanensis
1059 2152 1070 2172 ‚
1110 2132 1267 2164 rerum
1301 2116 1396 2163 hu-

70 2195 275 2244 iusmodi
312 2216 474 2265 parens
510 2200 786 2257 uberrima,-
812 2218 963 2267 nuper
986 2200 1160 2250 edidit.
1191 2201 1397 2251 Prodeat

70 2284 225 2345 primo
272 2283 373 2331 loco
426 2286 597 2334 titulus
654 2286 848 2352 quidem
903 2287 1116 2336 funebris
1142 2326 1157 2348 ,
1194 2288 1278 2337 sed
1332 2289 1394 2338 de

71 2371 394 2422 Publicorum
431 2374 530 2421 sine
584 2374 762 2436 dubio,
801 2375 993 2424 fortasse
1029 2378 1170 2424 etiam
1208 2388 1256 2424 et
1291 2379 1395 2427 Sa-

73 2475 268 2507 crorum
300 2497 314 2518 ,
368 2459 510 2508 classe
537 2479 550 2520 3
607 2479 748 2529 quem
803 2463 965 2528 capitis
1013 2464 1196 2511 modica
1260 2475 1391 2531 parte

72 2542 324 2592 multatum
350 2546 486 2594 facile
510 2546 700 2596 videtur
736 2549 781 2597 in
820 2550 1056 2615 integrum
1084 2568 1215 2616 posse
1253 2556 1391 2600 resti-

73 2628 160 2674 tui.
200 2629 285 2677 Est
319 2641 470 2683 autem
508 2636 627 2684 talis.
