1591 2849
142 326 206 376 38

141 428 261 479 quae
296 412 356 459 ad
391 428 500 478 pag.
547 410 628 470 14.
672 412 947 463 Commeat.
988 408 1027 455 1.
1086 409 1146 458 de
1201 407 1312 457 MA.
1369 407 1472 458 ΕΑ.

138 496 482 547 TAFANIES.
523 494 755 544 diximus.
797 496 920 544 Nam
954 497 1249 562 interpretati
1285 513 1474 555 snmus,

137 585 379 643 Marcus,
422 584 542 632 Caii
560 581 657 630 ΡΠ.
684 580 955 650 Tasanius.
997 582 1189 630 Rectius
1209 598 1368 636 nunc:
1399 584 1474 633 M.

139 669 240 719 Titi
276 671 376 719 Fit.
417 667 695 737 Tasam‘us.

150 797 154 801 .
211 774 259 804 2.
300 755 625 812 Charaeta-is,
662 754 751 821 qui
785 769 867 820 per
893 751 934 801 F
959 754 1197 802 inversum
1234 755 1435 802 occurrit
1458 793 1474 815 ,

136 853 262 892 certa
319 844 459 891 statui
523 849 724 908 potestas
789 841 968 907 nequit.
1039 841 1131 888 Pro
1187 840 1328 889 titulo
1392 857 1481 888 no-

136 939 233 979 stro
259 968 274 991 ,
311 929 619 995 digammatis
677 930 798 976 meri
821 965 837 987 .,
874 944 1046 994 nempe
1088 926 1161 977 Ue
1183 965 1197 988 ,
1234 935 1317 975 aut
1354 926 1477 991 aspi·

133 1016 330 1065 :rationis
365 1031 554 1082 asperae
592 1015 692 1062 vim
728 1013 923 1062 videtur
959 1015 1251 1078 probabilius
1285 1014 1474 1063 obtine-

136 1120 206 1150 re.
234 1100 425 1163 Quibus
460 1101 885 1167 positis.'nomem
919 1100 1007 1148 erit
1048 1100 1349 1166 Uulsaipre‚
1388 1110 1469 1148 aut

133 1188 430 1254 Hulsaipre.
470 1186 688 1236 Resecata
725 1185 906 1253 syllaba
935 1196 1170 1252 postrema
1202 1204 1323 1254 pre,
1347 1202 1470 1252 quae

133 1275 186 1321 in
207 1272 406 1321 Tabulis
443 1271 653 1323 Icuvinis
686 1275 811 1322 foret
840 1292 961 1340 per,
1000 1281 1053 1320 ut
1074 1274 1122 1320 in
1143 1283 1471 1340 totaper-to·

133 1371 191 1410 ta
212 1399 226 1421 .,
262 1361 340 1428 (1)
374 1369 588 1427 superest
620 1360 830 1418 Halmi,
871 1360 949 1410 vel
983 1361 1026 1409 si
1058 1360 1209 1410 mavis
1245 1361 1463 1422 Vulsai,

130 1456 406 1514 mutatoque
463 1448 496 1496 S
547 1449 598 1496 in
653 1448 696 1496 T
746 1448 916 1509 affine,
976 1447 1190 1513 prodibit
1252 1445 1462 1508 Vzdtai,

133 1534 266 1600 quod
312 1534 485 1583 reddas
545 1535 655 1583 licet
696 1535 959 1585 Uulteium.
1024 1534 1171 1594 Quod
1231 1535 1269 1581 si
1305 1533 1463 1583 eidem

134 1621 372 1670 elemento
430 1620 501 1687 ph
553 1630 832 1687 potestatem
894 1631 1103 1670 constare
1166 1621 1282 1671 velis
1313 1659 1327 1682 ,
1367 1629 1461 1671 ter-

132 1708 258 1754 tium
295 1709 610 1757 characterem
646 1709 686 1754 L
721 1707 989 1756 redundare
1017 1746 1031 1769 ‚
1071 1707 1290 1767 dixeris;
1334 1707 1465 1774 quod

131 1796 180 1842 in
220 1794 430 1842 dialectis
489 1805 669 1844 nostrae
717 1797 929 1864 cognatis
988 1796 1457 1862 frequentissimum,

134 1881 425 1947 habebisque
457 1884 645 1944 Fasai,
683 1901 854 1949 nempe
888 1885 1128 1943 Fusium,
1165 1886 1250 1950 qui
1285 1885 1463 1934 deiude

132 1966 356 2016 Romanis
418 1970 602 2020 Furius
637 1973 817 2031 evasit,
856 1970 992 2019 sibilo
1030 1971 1077 2018 in
1113 1970 1300 2019 literam
1335 1973 1465 2020 cani-

132 2071 244 2101 nam
279 2072 517 2104 converso.
561 2057 646 2105 Sin
673 2066 829 2106 autem
866 2058 984 2107 velis
1021 2058 1361 2126 liquescentem
1395 2058 1472 2106 lo-

133 2159 189 2191 co
228 2160 311 2189 suo
349 2153 466 2192 stare
489 2182 502 2204 ‚
542 2145 706 2194 sibilus
730 2184 744 2206 ,
805 2147 890 2212 qui
928 2147 1141 2212 sequitur
1166 2183 1181 2206 ,
1242 2155 1464 2193 naturam

133 2232 188 2276 τὲ
225 2248 279 2279 νε
315 2231 480 2278 induet
533 2233 616 2299 (2)
641 2272 652 2291 ‚
696 2242 999 2301 emergetque
1057 2235 1238 2284 Fulvm·
1264 2274 1275 2294 ‚
1339 2233 1462 2282 idest

131 2317 340 2366 Fulvius
364 2356 377 2378 ,
415 2328 468 2365 ut
506 2322 551 2367 in
590 2339 703 2370 voce
740 2321 946 2369 AECSE
969 2359 984 2382 ,
1021 2339 1145 2388 quae
1180 2332 1251 2370 est
1284 2341 1458 2390 equus.

243 2524 304 2576 (ι)
338 2523 433 2561 vid.
470 2525 663 2565 Lanzium
714 2528 860 2581 Saggio
911 2538 987 2570 etc,
1021 2528 1143 2568 Tom,
1176 2529 1247 2570 III,
1289 2544 1330 2582 p,
1363 2529 1462 2580 670,

140 2606 180 2635 7.
212 2606 280 2634 ’λ’-ἒ.
464 2604 466 2606 ’
508 2618 510 2620 ’

247 2666 313 2719 (2)
344 2669 441 2707 Loc.
477 2673 546 2707 eit.
586 2683 626 2721 p.
670 2685 755 2724 ¹77·
