1591 2849
195 251 222 294 8

189 332 462 398 profiteatur
489 334 518 379 ?
553 330 766 379 Alterum
790 367 805 391 ‚
842 348 936 398 quo
971 330 1031 377 (le
1069 329 1314 378 Lectorem
1361 330 1513 378 monia

195 427 299 466 tum
338 418 594 476 volumus,
633 427 698 465 est
721 418 841 465 tituli
881 418 1018 465 huius
1044 417 1188 463 nostri
1225 415 1510 475 decurtatio,

191 523 283 571 qua
319 506 472 569 ipsum
511 504 681 550 iniuria
716 513 904 567 tempus
947 504 1116 550 affecit.
1172 502 1510 551 Restituendus

187 589 266 636 ille
302 591 461 654 itaque
489 600 596 636 ante
621 589 778 637 omnia
798 626 809 645 ‚
832 587 1156 656 sanandusque
1180 607 1366 655 quaqua
1393 590 1468 638 via
1496 628 1509 650 ,

186 675 225 722 si
261 675 374 741 quid
412 676 521 722 boni
558 676 682 721 succi
718 673 830 720 inde
883 675 1155 740 depromere
1184 714 1198 737 ,
1249 678 1298 724 in
1348 677 1506 723 animo

186 772 269 811 est.
333 761 453 810 Ecce
491 780 614 810 nunc
660 763 813 827 ipsum
850 763 935 810 tibi
964 801 975 822 ,
1028 762 1179 830 qualis
1215 764 1276 812 ad
1325 780 1406 812 nos
1443 773 1512 811 est

182 848 393 916 perlatus
419 888 433 911 ,
488 850 719 898 schemate
755 851 963 916 apposito
999 850 1272 899 fidelissimo
1300 869 1314 898 :

828 955 874 985 2.

756 1022 934 1070 DFVO

512 1109 1153 1159 NODENTISKVLANVS

543 1196 1134 1246 ANILVMPERDEDIT

537 1284 1151 1332 DEMEDIAMPARTEM

467 1370 1066 1420 DONAVITNODENT1·
1074 1408 1216 1419 .......

505 1458 1173 1508 INTERCVIBVSNOMEN

548 1544 1114 1594 SENICIANINOLLIS

517 1632 1134 1680 PETMITTASSANITA

487 1719 1168 1768 TEMDONECPERFERA.
1182 1758 1192 1770 .

528 1807 1158 1869 VSQVETEMPLVMNO

722 1893 959 1962 DENTIS

239 1979 381 2030 Devo
419 1996 503 2045 pro
539 1982 665 2029 Divo
692 2017 705 2040 ,
747 1998 826 2027 seu
869 1983 992 2030 Deo.
1033 1982 1104 2029 Ita
1142 1982 1185 2030 in
1212 1980 1332 2030 Aere
1371 1985 1489 2032 Bor«

172 2065 316 2132 giano
355 2066 472 2115 olim
502 2107 512 2127 ‚
555 2085 679 2115 nunc
715 2069 865 2115 Musei
903 2068 1148 2116 Borbonici
1182 2071 1353 2119 :Deve
1389 2072 1492 2118 De-

171 2153 316 2203 clune
341 2190 356 2214 ,
412 2155 471 2202 de
509 2173 603 2221 quo
638 2155 827 2203 consule
851 2192 862 2214 ,
936 2157 970 2202 si
1012 2156 1177 2216 lubet,
1235 2156 1497 2204 Commen-

170 2240 342 2287 tarium
381 2250 589 2288 nostrum
627 2245 833 2309 primum
871 2242 960 2307 (2).
1406 2281 1409 2285 .

238 2326 316 2373 Ad
351 2343 473 2375 vers.
517 2328 564 2376 3.
605 2330 805 2379 occurrit
858 2327 1086 2378 CVJBVS
1145 2348 1229 2397 pro
1265 2328 1443 2400 quibus
1476 2368 1491 2390 ,

169 2414 207 2461 C
247 2413 468 2465 videlicet
502 2434 586 2481 pro
621 2418 664 2476 Q
697 2436 709 2475 3
769 2417 897 2482 quod
954 2418 1024 2468 vel
1064 2419 1304 2486 scalptoris
1333 2458 1347 2481 ,
1413 2428 1495 2465 aut

711 2563 948 2571 ..ᾳ-*-

277 2614 346 2667 (1)
373 2615 426 2654 In
461 2615 591 2655 Velcr.
631 2600 810 2655 Modum.
856 2618 1008 2657 Corum.
1045 2616 1082 2654 J.
