1591 2849
113 298 177 360 42

113 397 215 436 tum
240 425 254 448 ,
293 388 340 435 in
378 405 474 455 quo
510 387 656 448 haec,
695 396 771 436 aut
806 387 973 437 horum
1011 387 1182 436 similia
1206 425 1220 448 ‚
1259 387 1440 436 inscul-

112 482 195 538 pta
233 491 331 522 esse
354 510 368 532 .,
407 473 664 539 oportebat.

180 576 231 625 9.
272 557 427 606 Tituli
463 559 598 626 quod
634 559 872 626 reliquum
910 559 1216 622 est,nullum
1253 557 1445 609 facesse·-

112 664 162 695 re
180 646 420 715 negotium
437 645 641 695 videtur.
665 628 1067 714 Quandoquidem
1095 665 1190 696 vox
1206 656 1444 715 postrema

113 733 332 793 Ιιίναῆο,
368 733 406 781 si
442 730 623 800 duplex
657 734 901 802 digamma
939 751 1184 784 removeas
1213 774 1226 796 ,
1265 753 1447 802 purum

113 822 242 889 ἱεμω
276 830 376 880 est,
413 837 697 882 consecro,
735 821 899 882 dono,
936 820 1142 871 dedico.
1169 820 1445 870 TNSMOU

114 923 226 953 vero
261 907 298 954 si
335 905 385 952 in
420 903 673 971 particulas
706 905 826 954 duas
860 905 1080 972 partiaris
1108 943 1121 964 ‚
1162 907 1251 956 erit
1284 907 1444 975 primo

114 991 270 1050 TNS,
310 990 569 1059 additaque
601 990 645 1040 E
678 991 890 1042 auxiliari
925 1001 1080 1041 mutae
1115 994 1195 1054 T,
1234 993 1442 1061 prodibit

114 1078 276 1133 Tem,
316 1079 447 1127 unde
480 1086 662 1128 remoto
697 1080 900 1147 sigmate
929 1078 1259 1139 redundante,
1297 1097 1449 1129 emer-

114 1175 194 1232 get
227 1184 332 1226 τηνς
369 1167 448 1215 cui
464 1167 503 1215 si
522 1166 669 1215 addas
704 1163 759 1213 τό
795 1165 974 1223 ΜΟΠ,
1016 1165 1140 1215 idest
1175 1184 1250 1217 ςου
1271 1202 1283 1224 ‚
1321 1165 1453 1236 legas(

117 1255 197 1306 τήν
230 1270 307 1304 sou
327 1291 341 1314 ‚
382 1252 515 1303 hanc
550 1256 624 1302 mi
644 1291 659 1314 ,
696 1251 819 1302 idest
852 1252 986 1302 hanc
1037 1254 1127 1302 cibi
1163 1263 1447 1313 consecro,

115 1339 330 1408 intellige
366 1351 585 1390 statuam
607 1379 621 1402 ,
677 1342 776 1389 sive
809 1345 1028 1406 signum.
1091 1339 1264 1410 Totius
1301 1339 1455 1406 igitur

117 1427 478 1495 Epigrammatis
515 1428 741 1497 sententia
775 1427 1052 1476 Latinorum
1087 1425 1244 1494 palato
1279 1434 1448 1474 atteia*²

117 1524 274 1582 perata
299 1552 311 1574 ,
349 1516 441 1564 nisi
477 1515 716 1572 fallimur,
757 1516 874 1564 haec
908 1531 1006 1563 esse
1043 1512 1263 1564 videtur.

390 1690 447 1737 L.
491 1690 725 1738 Vulteius,
765 1677 831 1736 K.
868 1688 958 1737 Fit.
1000 1689 1179 1736 Minius

285 1778 548 1844 Phrygum.
588 1777 704 1825 Rex.
745 1795 877 1842 puer.
919 1776 1188 1823 fortissime.
1228 1784 1282 1823 tu

520 1864 732 1913 Occisor.
772 1865 1062 1913 Draconum
1091 1884 1095 1888 ·

480 1952 597 2001 Hoc.
637 1953 740 2000 tibi.
781 1968 995 1999 sacrum.
1020 1949 1085 1998 do

190 2128 287 2177 Sed
321 2131 542 2197 quoniam
596 2128 657 2176 ad
692 2144 857 2176 vocem
911 2123 1039 2175 TNS
1076 2125 1210 2174 litera
1247 2120 1454 2171 secunda

122 2236 147 2264 a
183 2225 399 2264 consueta
450 2216 675 2266 Oscorum
731 2215 880 2262 forma
914 2212 1075 2262 literae
1115 2231 1147 2260 η
1185 2208 1368 2270 distat,
1406 2217 1453 2257 et

122 2303 258 2352 facile
294 2304 398 2370 quis
419 2303 612 2350 fortasse
647 2318 1072 2368 prongraecorum
1107 2298 1325 2357 mavelit,
1364 2296 1452 2371 hoe

122 2390 168 2435 in
190 2406 300 2437 casu
317 2387 595 2438 TNSMOU
632 2390 683 2437 in
702 2403 848 2434 unum
875 2388 1036 2443 θεσμου
1062 2385 1286 2455 mendant,
1326 2382 1454 2449 quod

123 2480 238 2526 erit:
279 2483 419 2537 iure,
459 2493 540 2524 seu
578 2479 788 2534 merito,
829 2489 1014 2522 sacrum
1053 2471 1143 2530 do,
1181 2470 1310 2535 quod
1350 2485 1456 2514 con—

126 2567 315 2612 stitutae
367 2581 450 2630 per
485 2579 571 2612 nos
607 2562 734 2610 tituli
787 2543 1192 2625 interpretationi
1254 2553 1314 2601 a'd
1351 2571 1451 2631 rem

127 2651 253 2719 quod
291 2650 493 2712 attinet,
533 2648 708 2698 nullius
745 2646 921 2695 fiaudis
954 2646 1062 2708 erit.
1105 2642 1340 2701 Somnia,
1378 2640 1453 2687 fn-
