1591 2849
144 311 209 349 22

146 405 202 434 w
238 389 397 451 ciipiis
432 400 518 449 pro
555 384 666 448 ipsis
703 372 983 428 histrionum
998 376 1201 437 larvis,
1237 394 1314 426 seu
1344 376 1470 425 Per-

142 477 285 524 sonis
320 472 534 536 accipere
558 468 582 513 ?
622 469 819 532 Ciipius
850 469 1009 530 itaque
1054 466 1143 513 hoe
1170 465 1217 512 in
1243 481 1351 512 casu
1379 466 1470 512 erit

120 558 377 625 faciipius
398 593 411 614 ‚
457 556 519 603 ita
544 571 712 618 nempe
746 561 1043 617 nuncupatus
1063 551 1153 600 ἀπο
1178 553 1232 598 τὲ
1253 555 1428 615 ciipiin
1449 589 1463 611 ‚

139 642 264 692 idest—
295 661 319 690 a
356 641 560 709 tegendo
579 642 796 708 faciem.
838 638 895 685 In
923 655 1069 703 quam
1105 637 1385 686 sententiam
1421 637 1462 683 si

128 746 309 780 ¹vocem
333 746 559 794 usurpare
590 726 767 792 placeat
789 762 803 785 ‚
830 742 922 772 non
950 723 1094 772 modo
1115 742 1205 772 non
1230 740 1471 789 repugna—

138 815 246 875 bit,
283 811 369 864 sed
406 813 532 861 ultro
568 814 708 862 etiam
744 827 883 876 opem
919 809 1035 858 feret
1057 806 1111 857 τό
1146 813 1312 875 ciipic'o
1362 825 1471 857 ver·

137 900 256 950 bum
287 917 399 949 cum
435 899 679 966 adsignata
717 895 875 944 eidem
901 913 983 962 per
1019 912 1102 943 nos
1125 895 1458 962 significantia.

143 985 465 1048 Quamobrem
499 992 548 1033 et
580 983 746 1031 titulus
781 982 845 1030 ita
883 998 1072 1048 quoque
1106 980 1246 1030 reddi
1275 980 1469 1029 fortasse·

144 1078 312 1140 queat:
1144 1117 1152 1123 ff

278 1155 575 1215 Numerius,
615 1155 691 1205 vel
726 1153 932 1203 Manias
962 1169 1057 1220 pro
1094 1150 1314 1210 Larvi53

136 1293 139 1301 ,
206 1241 352 1306 Quod
389 1246 438 1291 in
458 1242 588 1291 idem
614 1238 809 1298 redibit,
838 1258 891 1289 ac
926 1240 963 1287 si
988 1240 1158 1286 usitato
1180 1231 1497 1287 Latinorum‘

138 1329 263 1396 stylo
315 1328 530 1377 dixeris:
567 1346 722 1394 supra
769 1326 964 1377 Lurvas
987 1361 998 1380 ,
1039 1333 1120 1371 aut
1167 1343 1202 1374 a
1236 1325 1423 1375 Larvis
1456 1360 1470 1384 ‚

137 1432 259 1480 quae
278 1415 487 1464 formula
505 1414 660 1481 primo
683 1431 878 1461 occursu
906 1411 1159 1460 sororiatur
1184 1428 1292 1460 cum
1315 1412 1466 1459 notis·

136 1504 265 1550 simis
301 1502 427 1551 inis:
468 1520 503 1551 a
539 1501 842 1564 cratho‚ab
878 1511 1088 1565 argento
1118 1536 1133 1553 ,
1160 1517 1194 1547 α
1219 1504 1414 1565 potione
1447 1538 1463 1559 ,

136 1587 336 1652 aliisque
371 1587 600 1636 sexcentis
634 1583 817 1652 praedii
856 1583 1094 1633 eiusdem.
1145 1582 1210 1632 Et
1244 1585 1333 1633 sub
1372 1584 1473 1632 sin-

138 1674 317 1739 gularia
355 1671 404 1720 Π
432 1674 620 1721 vlatitare
654 1673 797 1720 etiam
837 1674 980 1739 possit
1017 1672 1172 1737 ipsum
1205 1673 1471 1740 Pompeio·

139 1774 253 1808 rum
285 1777 475 1808 nomen.
527 1759 669 1807 Plane
704 1768 757 1807 ut
791 1760 840 1806 in
878 1759 1159 1809 sententiam
1192 1758 1289 1807 fere
1340 1775 1469 1805 eam-

139 1843 253 1893 dem
287 1846 485 1912 prodeat
519 1846 792 1895 Numerius
843 1847 1197 1910 Pompeiorum
1245 1844 1431 1896 Laruis
1454 1882 1469 1906 ,

142 1947 226 1983 seu
263 1934 532 1999 Progymn
544 1936 655 1982 asio
683 1933 1024 1998 Praepositus.
1066 1929 1158 1980 Hie
1182 1930 1363 1979 Latinis
1389 1950 1471 1981 au·

140 2020 302 2068 diebat
339 2016 619 2085 Chorugus
639 2056 652 2079 ‚
674 2024 758 2084 qui
789 2018 1010 2067 videlicet
1036 2017 1354 2066 Histrionihus
1371 2035 1469 2066 sce·

140 2106 255 2154 nicis
278 2116 552 2153 ornamenta
590 2105 766 2153 fabulis
792 2104 985 2171 agendis
1020 2114 1285 2171 opportuna
1305 2104 1379 2152 vel
1408 2104 1469 2153 de

142 2205 227 2236 suo
263 2187 443 2236 locabat
468 2227 482 2250 ,
513 2200 593 2238 aut
620 2192 679 2238 ab
705 2190 950 2238 Aedilibus
985 2199 1170 2256 accepta
1189 2189 1464 2256 praebebat.

139 2276 248 2334 Quo
280 2277 465 2324 nomine
485 2276 785 2345 designatum
814 2295 1004 2343 quoque
1029 2277 1260 2326 discimus
1277 2276 1468 2327 Ducem

144 2363 307 2413 Chon‘
330 2399 344 2422 ,
384 2372 437 2410 ut
473 2381 526 2410 ex
563 2366 707 2414 veteri
745 2366 1096 2432 Epigrammate
1132 2363 1260 2431 apud
1293 2363 1464 2412 Sueto·

143 2455 274 2502 nium
299 2454 382 2520 (1)
420 2453 551 2511 Quae
586 2452 733 2502 altera
774 2455 914 2500 etiam
953 2454 1080 2502 vocis
1115 2453 1339 2519 acceptio,
1356 2469 1467 2500 cum

662 2568 791 2577 --—--

258 2623 329 2678 (1)
360 2625 408 2665 In
439 2625 535 2665 Vix.
571 2625 674 2679 Aug.
709 2626 810 2679 Cap.
843 2624 972 2665 LXX.
