1591 2849
1349 271 1413 320 35

94 368 239 433 igitur
292 372 422 412 tanta
451 363 579 409 ‘inter
606 370 916 425 utrorumque
955 364 1141 423 mort-IS,
1181 375 1234 405 ac
1271 357 1418 405 diale-

89 464 218 502 ctum
255 452 313 498 sit
349 450 543 498 affinitas
572 486 587 508 ‚
646 456 817 516 quanta
855 448 902 493 in
940 442 1120 493 oculos
1158 443 1233 493 vel
1271 446 1418 490 caecis

86 542 322 597 incurrit3
356 533 480 586 illud
517 535 670 587 multo
707 535 808 584 veri
844 532 1044 582 similius
1065 532 1294 592 videtur,
1315 549 1415 579 0th

89 647 167 678 nes
182 627 313 677 initio
348 642 405 674 ex
419 641 512 673 uno
526 621 654 672 fonte
673 623 885 671 hausisse
920 638 1032 671 cum
1050 628 1266 679 caetera,
1307 629 1411 666 tum

84 734 204 784 quae
239 713 300 763 ad
336 713 650 781 religionem,
677 726 913 775 usumque
948 708 1177 775 loquendi
1214 707 1418 773 pertine·

82 805 194 852 bant
227 823 240 853 ε
278 801 392 851 hinc
424 805 546 852 inter
579 814 681 850 sese
714 797 936 848 diductos
958 833 970 854 ,
1029 797 1264 862 variisque
1300 799 1413 846 casi-

81 891 173 938 bus
208 890 295 939 hac
331 889 436 937 illac
471 897 629 949 actos,
667 886 875 954 denique
911 884 1106 936 coloniis
1153 883 1371 935 deductis
1399 926 1414 946 2

84 978 356 1028 convenisse
393 978 565 1025 iterum
586 1014 602 1037 2
640 975 907 1041 veterisque
942 972 1234 1039 cognationis
1269 973 1415 1024 vesti,-

81 1064 159 1130 gia
197 1071 245 1110 et
281 1062 558 1129 agnovisse,
596 1068 643 1109 et
679 1077 806 1109 novo
841 1056 1028 1106 foedere
1062 1058 1286 1106 sanxisse.
1310 1058 1413 1106 Pia-

79 1160 153 1199 cet
190 1151 242 1197 in
280 1148 402 1196 hanc
439 1166 540 1212 rem
576 1163 730 1197 unum
768 1145 930 1196 afferre
966 1144 1254 1209 exemplum,
1284 1148 1415 1211 quod

82 1238 286 1286 aliorum
323 1246 562 1300 tamquam
598 1235 745 1285 instar
782 1233 860 1279 sit.
922 1230 1069 1294 Quod
1112 1233 1296 1301 graecis
1332 1251 1415 1281 ve-

81 1322 361 1371 tustioribus
423 1339 570 1372 ετιπες
629 1320 717 1367 suit
749 1358 765 1380 ,
824 1319 876 1367 id
932 1319 1140 1369 leuvinis
1199 1324 1369 1385 eitipes
1395 1359 1410 1381 ,

84 1409 272 1458 Sabinis
308 1409 453 1459 eidus
482 1448 495 1468 ,
547 1409 754 1456 Etruscis
790 1413 886 1458 itus
909 1447 924 1467 ‚
980 1408 1161 1456 Latinis
1214 1407 1415 1455 demum

85 1497 329 1565 idus(1).
393 1497 456 1544 Et
508 1496 670 1563 paullo
721 1497 838 1544 haec
897 1497 1093 1544 fortasse
1141 1494 1368 1562 prolixius
1396 1532 1412 1554 ‚

83 1602 227 1653 quam
263 1593 317 1632 ut
333 1585 402 1632 rei
437 1586 682 1633 necessitas
717 1583 921 1651 postulat
944 1620 958 1640 ‚
1021 1582 1294 1649 prosequuti
1332 1599 1416 1628 su-

82 1689 192 1719 mus
221 1690 234 1720 :
275 1680 536 1738 opportuna
574 1682 726 1719 tamen
762 1670 992 1720 duximus
1024 1670 1114 1728 iis,
1140 1669 1222 1734 qui
1257 1677 1413 1734 nostru

81 1759 365 1819 nescienteS‚
418 1767 463 1808 et
500 1758 757 1807 consilium
794 1773 982 1823 quoque
1018 1763 1230 1803 nostrum
1277 1756 1412 1821 igno-

79 1854 217 1901 rent,
256 1861 436 1893 necesse
473 1854 542 1893 est
565 1883 580 1904 ‚
630 1861 727 1911 quo
762 1844 1072 1891 constitutum
1109 1840 1258 1888 semel
1274 1841 1365 1888 fuit
1395 1879 1410 1900 ,

82 1929 130 1976 in
166 1923 338 1976 talibus
374 1928 646 1993 procedere.
678 1926 802 1975 Nam
828 1943 935 1974 ecce
960 1942 1081 1972 nunc
1099 1922 1186 1972 tibi
1223 1924 1414 1990 signum

79 2032 397 2064 marmoreum
453 2014 669 2064 Herculis
722 2014 897 2079 pueri,
936 2012 1152 2078 Pompeis
1188 2012 1281 2058 iam
1317 2009 1411 2057 du-

79 2099 202 2150 dum
222 2111 461 2169 repertum
497 2119 604 2150 eum
641 2101 760 2150 Osca
796 2099 1092 2166 inscriptione
1122 2135 1137 2159 ,
1176 2099 1226 2145 in
1263 2114 1412 2164 quam

83 2191 388 2237 commentari
423 2191 607 2238 animus
643 2197 713 2236 est
748 2225 762 2249 ‚
818 2196 864 2236 et
899 2187 960 2235 de
1009 2204 1104 2254 qua
1148 2183 1414 2233 monendus

82 2276 277 2323 omnino
312 2275 454 2324 lector
492 2274 737 2324 videbatur
772 2274 894 2323 viam
920 2312 934 2333 ,
981 2273 1057 2321 cui
1090 2268 1410 2319 insistendum.

92 2372 320 2426 putamus.
360 2362 495 2430 Signi
532 2363 647 2410 haec
680 2359 936 2409 historiola.

28 2436 33 2441 ³
155 2448 374 2515 Pompeis
394 2487 408 2509 ‚
436 2456 489 2494 ut
507 2449 742 2507 diximus,
771 2444 1005 2495 effossum.
1035 2445 1076 2493 A
1094 2446 1221 2512 Rege
1246 2443 1415 2493 Ferdi·

759 2578 895 2591 ἡ

193 2632 262 2686 (ι)
291 2635 413 2677 Lanz.
445 2636 543 2678 Vol.
577 2636 655 2676 ΠΙ.
686 2652 730 2690 p.
767 2639 862 2689 594.
