1591 2849
1341 285 1404 335 27

96 355 184 405 tile
231 354 492 404 conciliarit
535 352 698 402 titulus
749 352 866 400 alter
918 342 1235 418 Pompeianus
1262 388 1274 412 ,
1319 355 1403 419 qui

94 452 160 492 est
194 441 462 492 huiusmodi
491 459 503 490 :

314 612 371 660 L.
411 611 776 660 VERANIVM.
819 609 1182 659 HYPSAEVM

328 698 713 746 CASELLIVM.
754 695 1162 746 MARCELLVM

307 786 453 834 AED.
495 783 807 834 OPTIMOS.
845 781 1178 832 COLLEGAS

151 956 518 1026 Epigrammatis
556 975 686 1006 nunc
718 958 1006 1025 exploranda
1043 959 1271 1006 sententia
1300 997 1315 1019 ‚
1356 959 1403 1005 in

88 1062 230 1111 quam
280 1064 382 1094 rem
436 1055 759 1113 opportunum
811 1045 953 1094 fuerit
1004 1055 1274 1111 praenotare
1298 1084 1312 1107 ,
1353 1047 1402 1093 in

83 1131 363 1198 Pompeiano
397 1133 576 1198 pariete
605 1169 616 1190 ‚
657 1141 710 1180 ut
744 1133 927 1198 generis
964 1132 1177 1179 eiubdem
1202 1132 1291 1180 alia
1324 1132 1397 1181 in-

83 1235 274 1267 numera
297 1256 310 1279 ,
350 1227 593 1267 exaratum
612 1225 783 1266 extare.
822 1216 967 1266 Unde
1002 1217 1139 1265 facile
1174 1217 1402 1287 colligas,

82 1304 140 1352 ad
175 1305 365 1353 illorum
401 1303 598 1354 classem
634 1304 732 1352 fore
763 1304 1060 1353 referendum
1083 1343 1097 1366 ,
1137 1304 1313 1372 quihus
1351 1307 1406 1355 id

86 1394 377 1459 propositum
405 1393 586 1450 fuerat,
612 1401 665 1440 ut
701 1391 894 1441 illorum
931 1402 1141 1442 auctores
1178 1404 1258 1442 aut
1281 1395 1401 1443 hene

83 1480 404 1544 adprecentur
427 1479 636 1528 Aedium
661 1480 896 1542 Dominis,
926 1491 1004 1529 aut
1029 1499 1094 1543 se,
1124 1499 1302 1551 suaque
1324 1484 1406 1531 iis-

84 1563 194 1612 dem
218 1567 565 1617 commendent.
594 1566 648 1616 In
675 1585 787 1618 voce
809 1568 1038 1618 APHIN1
1071 1570 1156 1618 diu
1181 1570 1403 1620 lectorem

83 1667 180 1699 non
229 1651 547 1704 detinebimus
570 1692 585 1715 ‚
635 1655 723 1703 sub
776 1673 868 1722 qua
919 1655 1062 1704 latere
1115 1647 1403 1708 arbitramur

84 1738 308 1799 Afiniam
341 1749 526 1807 gentem
553 1779 568 1802 ‚
606 1741 667 1791 de
703 1760 796 1809 qua
833 1743 960 1808 apud
998 1743 1256 1793 Gruterum
1276 1782 1291 1807 ,
1312 1744 1394 1793 ali·

81 1843 223 1892 osque
248 1829 417 1893 passim
444 1866 459 1890 ‚
486 1828 722 1878 luculenta
746 1832 942 1878 mentio.
968 1831 1054 1879 His
1079 1832 1239 1899 positis
1263 1870 1277 1896 2
1315 1831 1402 1899 qui

79 1931 162 1979 pro
202 1916 350 1980 prima
385 1914 582 1966 lectione
617 1926 770 1977 stant,
809 1919 875 1965 sic
912 1918 1112 1969 habeant
1142 1938 1155 1971 τ

531 2088 602 2138 Ν.
641 2088 847 2156 Aquinas.
889 2095 936 2158 ip

520 2192 592 2224 se.
634 2173 824 2238 Afinio.
862 2194 952 2225 suo

623 2260 838 2311 Nomine

144 2429 236 2477 Sed
273 2434 445 2497 quibus
484 2433 626 2483 altera
666 2435 805 2484 lectio
840 2435 1015 2484 arridet
1049 2438 1197 2504 magis
1219 2473 1230 2494 ,
1268 2438 1400 2505 quod

78 2516 222 2581 magis
269 2537 585 2586 auguramur,
626 2523 677 2571 hi
713 2524 778 2574 sic
811 2525 1011 2574 rationes
1049 2525 1241 2574 ineant:
