1591 2849
1401 283 1452 310 ΙΙ*

134 343 501 413 supersedemus.
543 339 790 406 Huiusque
825 339 1109 406 veriloquii,
1148 342 1237 388 nisi
1273 343 1451 408 oppido

131 433 340 481 fallimur
359 469 369 488 ,
393 429 618 477 indicium
639 428 863 494 praebent
892 427 1324 475 manifestissimum
1353 445 1450 476 ver-

130 519 189 566 ba
227 518 305 564 illa
344 516 469 564 tituli
506 515 645 582 hujus
695 513 907 563 eiusdem
947 515 1089 561 nostri
1121 534 1132 562 ε
1172 517 1449 565 Pet’mittas

128 610 393 655 sanitatem
421 641 434 664 ‚
477 604 644 652 donec
680 600 933 670 perferam
971 619 1130 667 usque
1159 601 1269 666 (ad)
1310 601 1450 651 Tem-

123 693 258 759 plum
293 689 559 739 Nodentis.
599 689 808 739 Evidens
845 686 1084 752 siquidem
1123 706 1178 735 ex
1218 688 1291 735 his
1332 696 1402 735 est
1430 727 1443 749 ‚

126 777 206 841 qui
241 775 449 825 tabulam
486 775 733 842 suspendit
768 777 868 824 voti
905 777 997 823 iam
1035 793 1142 822 reus
1182 775 1332 822 factus
1362 813 1374 831 ‚
1418 795 1444 824 a

121 862 225 910 Deo
261 863 350 910 sibi
383 868 648 913 sanitatem
685 866 933 929 precari,
999 862 1162 911 donec
1219 862 1449 929 perferat

52 994 53 997 ,
120 949 141 1015 (
176 949 425 997 dimidiam
464 958 644 1015 partem
664 953 801 1016 pretii
821 959 932 999 voto
952 950 1227 1016 promissam
1249 950 1268 1016 >
1290 967 1445 1018 usque

124 1036 182 1083 ad
221 1034 476 1105 Templum
513 1039 763 1105 ipsiusmet
804 1040 910 1088 Dei.
959 1038 1050 1085 Fac
1074 1040 1201 1088 enim
1231 1080 1241 1096 ,
1285 1042 1442 1091 Deum

123 1124 361 1171 eiusmodi
400 1127 653 1192 ipsummet
704 1143 802 1173 esse
839 1108 1140 1175 Nodentebz.
1206 1127 1449 1174 Sententia.

122 1209 238 1258 haec
275 1193 381 1258 erit.
423 1211 636 1261 Nodens
658 1249 672 1272 ‚
701 1215 968 1260 sanitatem
988 1214 1446 1277 permittasgdonec

119 1298 371 1366 perferam
405 1317 562 1368 usque
597 1299 658 1346 ad
698 1296 954 1365 Templum
986 1297 1239 1352 Nodentis
1267 1318 1278 1358 ;
1320 1318 1442 1366 quae

119 1388 362 1453 putissima
387 1384 676 1456 o'mufokoyzoe.
717 1384 920 1432 Dixisset
947 1388 1101 1453 potius
1133 1408 1143 1434 :
1191 1406 1347 1456 usque
1374 1389 1446 1435 ad

123 1472 378 1541 Templum
412 1485 558 1524 tuum.
601 1474 778 1522 Verum
815 1471 920 1520 heic
946 1473 1075 1520 aliud
1110 1492 1196 1538 per
1235 1478 1361 1523 viam
1396 1493 1444 1524 se

120 1561 313 1626 praebet
348 1562 584 1609 luctamen
606 1599 621 1623 ‚
673 1562 804 1627 quod
839 1562 928 1608 nisi
965 1546 1254 1625 expediatur
1282 1598 1294 1618 ,
1353 1564 1442 1610 im—

121 1647 466 1710 peditissimum
501 1650 587 1696 iter
622 1647 719 1696 fore
741 1686 753 1706 ,
792 1646 1062 1713 oportebit,
1102 1649 1165 1694 ita
1203 1657 1258 1694 ut
1296 1647 1357 1694 ad
1383 1649 1438 1696 fi-

127 1750 236 1782 nem
271 1735 432 1783 nullus
468 1745 621 1801 pateat
658 1737 827 1784 exitus.

189 1821 444 1889 Templum
473 1862 486 1883 ‚
525 1842 621 1891 quo
656 1824 716 1871 de
757 1825 913 1890 agitur
936 1861 949 1884 ‚
1006 1826 1103 1873 sine
1141 1828 1435 1875 cunctatione

119 1910 216 1958 Dei
249 1910 498 1961 Nodentis
534 1912 765 1978 templum
803 1914 977 1960 extitit.
1018 1911 1073 1960 In
1111 1931 1164 1959 eo
1202 1923 1246 1962 et
1273 1915 1435 1965 tabula

119 1996 286 2063 Cylani
324 1999 473 2047 votiva
499 1999 681 2047 effossa.
724 1999 932 2065 Cylanus
954 2002 1096 2068 igitur
1118 2002 1210 2048 iam
1230 2000 1440 2050 Noden-

119 2088 156 2130 ti
187 2084 235 2130 iu
272 2083 478 2149 Templo
515 2086 555 2132 ei
577 2102 703 2132 sacro
729 2094 898 2135 votum
925 2086 1124 2135 solverat
1160 2086 1319 2136 libens*
1339 2107 1438 2137 me-

118 2175 214 2218 rito
246 2191 259 2230 ;
307 2190 454 2241 eoque
491 2175 665 2223 idcirco
719 2183 766 2222 et
803 2183 1065 2239 perrexerat
1087 2212 1101 2232 ,
1153 2184 1199 2221 et
1252 2192 1302 2222 re
1339 2176 1437 2240 ipsa

118 2271 402 2322 pervenerat.
458 2262 567 2322 Quo
604 2261 749 2328 igitur
795 2278 931 2308 sensu
983 2263 1226 2309 sanitatem
1281 2261 1371 2309 sibi
1413 2280 1437 2309 a

116 2342 218 2392 Deo
272 2346 548 2411 adprecatur
577 2385 592 2407 ‚
654 2347 820 2396 donec
876 2364 973 2393 rem
1014 2360 1124 2396 voto
1160 2350 1436 2414 promissam

114 2429 338 2495 perferat
387 2452 545 2501 usque
581 2432 642 2482 ad
678 2428 910 2499 templuin
933 2432 958 2478 ⁴?
1009 2433 1177 2482 Nodus
1215 2434 1435 2501 equidem

121 2516 304 2564 vindice
341 2519 510 2586 dignus
535 2558 548 2580 ,
613 2522 690 2568 cui
730 2519 956 2570 solvendo
1011 2539 1103 2569 una
1139 2530 1265 2589 patet
1320 2522 1425 2581 via,

124 2616 266 2663 quam
303 2621 409 2654 mox
448 2607 746 2672 aperiendam
786 2608 1068 2658 curabimus.
