1591 2849
1387 266 1434 292 10

120 336 281 396 scitia,
321 330 451 380 haud
487 346 589 377 raro
611 327 796 376 foedata
817 334 1069 375 occurrunt
1092 335 1306 373 veterum
1334 325 1438 372 Mo-

120 425 336 468 numenta
366 453 378 475 ‚
418 432 535 480 quae
572 413 729 461 nullus
766 412 896 462 Deus
948 432 972 461 a
1022 412 1309 460 Priscianaeo
1354 414 1438 461 fla-

111 523 193 571 gro
241 510 363 550 tutas
399 499 699 567 praestiterit.
746 499 818 546 Eu
857 498 942 547 tibi
982 498 1136 546 illud:

539 584 732 634 Schola
770 583 1013 633 Armatur·

372 671 450 719 Fl.
493 671 754 719 Mar-iano.
800 670 862 717 V.
906 673 967 718 P.
1013 671 1183 738 Praef

480 760 694 807 Classis.
734 768 800 807 et.
843 762 1087 810 Garatom*

423 845 568 910 Reip.
612 845 947 894 Misenatiam.
992 849 1137 893 cuius

512 930 691 979 Nobis.
731 937 1043 996 argumentis

411 1018 591 1065 Ponte.
634 1020 870 1083 ligneum.
913 1022 1012 1085 qui.
1050 1035 1144 1082 per·

412 1103 589 1151 Multo.
635 1112 867 1169 tempore.
912 1114 1147 1153 vetustate

410 1191 714 1253 Conlapsus.
756 1190 941 1256 adque.
982 1190 1164 1238 destitu

354 1285 446 1323 tus.
469 1273 672 1341 fuerat.
714 1275 831 1323 Per.
873 1293 988 1343 quo.
1031 1278 1198 1326 nullus

454 1361 739 1412 Hominum.
781 1367 891 1412 iter.
914 1362 1108 1431 facere

424 1439 685 1499 Ροὶιιεναι.
723 1451 955 1516 providit.
978 1451 1117 1518 fecit

341 1534 714 1603 Dedicavitque-
754 1536 830 1585 ob.
873 1542 1076 1586 meritis.
1121 1543 1226 1587 eius

366 1622 776 1674 Honestissimus.
821 1625 980 1672 Ordo.
1019 1623 1175 1690 digno

666 1712 898 1759 Patrono

181 1792 314 1854 Quid
351 1794 411 1842 ad
446 1795 560 1844 haec
596 1798 769 1844 eruditi
820 1787 1018 1861 qiiidam
1047 1799 1075 1844 ?
1112 1798 1337 1844 nimirum
1373 1798 1433 1844 ad

112 1882 277 1945 spuria
300 1918 313 1940 ‚
352 1880 525 1931 indicta
561 1901 697 1931 causa
731 1920 743 1940 ‚
783 1883 1104 1930 amandabunt
1129 1921 1141 1943 ,
1182 1885 1265 1951 qui
1289 1883 1431 1950 longe

107 1965 368 2017 levioribus
390 1969 452 2017 de
478 1973 627 2018 causis
648 2008 663 2031 ‚
703 1971 748 2017 in
777 1970 1091 2018 Puteolanum
1127 1972 1326 2019 alterum
1357 1989 1434 2019 ce-

111 2050 424 2102 leberrimum
453 2093 471 2118 ,
520 2058 654 2105 cuius
691 2057 882 2104 initium
917 2078 982 2099 =
1017 2057 1076 2104 A.
1120 2058 1428 2106 COLONIA.

110 2136 432 2188 DEDVCTA.
491 2143 671 2192 mirum
709 2145 756 2191 iu
795 2142 988 2191 modum
1041 2144 1387 2193 dabacchantur
1414 2180 1429 2207 ,

110 2224 385 2289 Maffeium,
425 2236 479 2277 ut
515 2231 600 2295 ipsi
658 2231 898 2291 iactitant,
949 2233 1153 2298 sequuti.
1210 2234 1432 2292 Quorum

112 2312 327 2359 nonnulli
367 2330 460 2361 non
499 2316 620 2363 ultra
655 2319 809 2382 vagati
847 2316 1038 2365 selectas
1075 2317 1228 2365 Tullii
1260 2320 1431 2382 episto-

110 2391 176 2454 las
202 2433 214 2453 ,
255 2398 558 2468 Patavinique
616 2404 808 2468 paginas
861 2405 1077 2468 priores,
1145 2404 1218 2451 his
1255 2404 1430 2452 finibus

115 2481 330 2532 concludi
387 2488 600 2536 universa
635 2489 958 2550 arbitrantur,
1016 2507 1136 2557 quae
1195 2489 1431 2539 latinitatis

112 2562 228 2615 olim
261 2569 458 2637 imperio
503 2574 842 2627 subdebantur.
899 2574 1048 2638 Quod
1084 2585 1242 2629 tamen
1295 2585 1342 2624 et
1377 2582 1431 2628 in
